<record><leader>00000cas a2200000Ma 4500</leader><controlfield tag="001">10787106</controlfield><controlfield tag="008">840530d184118uumaudr ne      0    0eng d</controlfield><controlfield tag="009">330</controlfield><datafield ind1=" " ind2=" " tag="010"><subfield code="a">sn 84023183 </subfield></datafield><datafield ind1=" " ind2=" " tag="040"><subfield code="a">AQM</subfield><subfield code="c">AQM</subfield></datafield><datafield ind1="1" ind2=" " tag="029"><subfield code="a">AU@</subfield><subfield code="b">000025820971</subfield></datafield><datafield ind1="0" ind2=" " tag="130"><subfield code="a">Evening express (Boston, Mass.)</subfield></datafield><datafield ind1="0" ind2="0" tag="245"><subfield code="a">Evening express.</subfield></datafield><datafield ind1="1" ind2="3" tag="246"><subfield code="a">Norton's evening express</subfield></datafield><datafield ind1=" " ind2=" " tag="260"><subfield code="a">Boston, [Mass. :</subfield><subfield code="b">s.n.],</subfield><subfield code="c">1841-</subfield></datafield><datafield ind1=" " ind2=" " tag="300"><subfield code="a">v. ;</subfield><subfield code="c">45 cm.</subfield></datafield><datafield ind1=" " ind2=" " tag="310"><subfield code="a">Daily</subfield></datafield><datafield ind1="0" ind2=" " tag="362"><subfield code="a">Vol. 1, no. 1 (Oct. 19, 1841)-</subfield></datafield><datafield ind1=" " ind2=" " tag="500"><subfield code="a">Editor: B.H. Norton, &lt;1841&gt;.</subfield></datafield><datafield ind1=" " ind2="7" tag="655"><subfield code="a">Newspapers.</subfield><subfield code="2">rbgenr</subfield></datafield><datafield ind1="1" ind2=" " tag="700"><subfield code="a">Norton, Benjamin Hammatt.</subfield></datafield><datafield ind1=" " ind2=" " tag="752"><subfield code="a">United States</subfield><subfield code="b">Massachusetts</subfield><subfield code="c">Suffolk</subfield><subfield code="d">Boston.</subfield></datafield></record>